@online{ALPHAGO,
	author      = {Nature},
	title		= {Mastering the game of Go with deep neural networks and tree search},
	url			= {https://www.nature.com/articles/nature16961}
}

@online{ALPHAGOZERO,
	author      = {Nature},
	title		= {Mastering the game of Go without human knowledge},
	url			= {https://www.nature.com/articles/nature24270}
}

@online{TWR,
	author      = {AI Game Dev},
	title		= {Monte-Carlo Tree Search in TOTAL WAR: ROME II’s Campaign AI},
	url			= {http://aigamedev.com/open/coverage/mcts-rome-ii/}
}

@online{MCTS,
	author		= {Bruno Bouzy},
	title		= {PROGRESSIVE STRATEGIES FOR MONTE-CARLO TREE SEARCH},
	url			= {https://dke.maastrichtuniversity.nl/m.winands/documents/pMCTS.pdf}
}

@online{IA,
	author      = {Larousse},
	title		= {Intelligence Artificielle},
	url			= {https://www.larousse.fr/encyclopedie/divers/intelligence_artificielle/187257}
}

@online{IAFF,
	author      = {Université de Rennes},
	title		= {Elisa Fromont et les défis de l'intelligence artificielle},
	url			= {https://www.univ-rennes1.fr/actualites/04042018/elisa-fromont-et-les-defis-de-lintelligence-artificielle}
}

@online{PPP,
	author      = {Poképédia},
	title		= {Tout à savoir sur les Pokémon},
	url			= {https://www.pokepedia.fr/}
}

@online{POKECHAMP,
	author      = {UltiGame},
	title		= {Championnats du monde Pokémon 2019, le réglement VGC a été officialisé},
	url			= {http://www.ultigame.fr/championnats-du-monde-pokemon-2019-le-reglement-vgc-a-ete-officialise/}
}

@online{POKECHAMP,
	author      = {Wikipédia},
	title		= {Apprentissage automatique},
	url			= {https://fr.wikipedia.org/wiki/Apprentissage_automatique}
}

@online{ESPORT,
	author      = {Wikipédia},
	title		= {Sport électronique},
	url			= {https://fr.wikipedia.org/wiki/Sport\_\%C3\%A9lectronique}
}

@online{SPOR,
	author      = {AFJ},
	title		= {Sporsora réunit les experts pour décrypter le monde de l'esport},
	url			= {https://www.afjv.com/news/9675_le-monde-de-l-esport-decrypte-par-sporsora-et-des-experts.htm}
}

@online{VGCC,
	author      = {Poképédia},
	title		= {VGC 2018},
	url			= {https://www.pokepedia.fr/VGC_2018}
}

@online{LC,
	author      = {LaCroix},
	title		= {Ce « e-sport » qui dérange le monde sportif},
	url			= {https://www.la-croix.com/Sport/Ce-sport-derange-monde-sportif-2017-05-12-1200846649}
}

@online{AFJ,
	author      = {Agence Française pour le Jeu Vidéo},
	title		= {PayPal et Wargaming dévoilent les derniers chiffres du marché de l'e-sport pour les Grand Finals 2016 de World of Tanks},
	url			= {https://www.afjv.com/news/6153_paypal-devoile-les-derniers-chiffres-du-marche-de-l-e-sport.htm}
}

@online{ESC,
	author      = {EsCharts},
	title		= {Pokémon World Championships 2018},
	url			= {https://escharts.com/tournaments/pokemon/pokemon-world-championships-2018}
}

@online{AFK,
	author      = {AlwaysForKeyboard},
	title		= {l'eSport fait un pas de géant dans sa reconnaissance olympique},
	url			= {http://www.alwaysforkeyboard.com/lesport-fait-un-pas-de-geant-dans-sa-reconnaissance-olympique/}
}

@online{PATATE,
	author      = {Le Monde},
	title		= {Paris se dit ouvert à l’idée d’inclure l’e-sport dans les Jeux olympiques de 2024},
	url			= {https://www.lemonde.fr/pixels/article/2017/08/10/paris-se-dit-ouvert-a-l-idee-d-inclure-l-e-sport-dans-les-jeux-olympiques-de-2024_5170865_4408996.html}
}

@online{COMPVG,
	author      = {THAT'S ALL GAMES},
	title		= {THE 2018 POKEMON WORLD VGC CHAMPIONSHIP},
	url			= {https://thatsallgames.com/2018/08/30/the-2018-pokemon-world-vgc-championship/}
}

@online{GOAT,
	author      = {ESTNN},
	title		= {OVERWATCH GOATS: A HISTORY, ANALYSIS, AND ITS CURRENT STATE},
	url			= {https://estnn.com/overwatch-goats-a-history-analysis-and-its-current-state/}
}